<record><leader>00000cas a22000007a 4500</leader><controlfield tag="001">20292035</controlfield><controlfield tag="008">890901d19451951mouwr ne      0    0eng d</controlfield><datafield ind1=" " ind2=" " tag="010"><subfield code="a">sn 89066973 </subfield></datafield><datafield ind1=" " ind2=" " tag="040"><subfield code="a">MQN</subfield><subfield code="b">eng</subfield><subfield code="c">MQN</subfield><subfield code="d">OCLCQ</subfield></datafield><datafield ind1=" " ind2=" " tag="042"><subfield code="a">msc</subfield></datafield><datafield ind1="0" ind2="4" tag="245"><subfield code="a">The Sullivan Mo. news.</subfield></datafield><datafield ind1="3" ind2="0" tag="246"><subfield code="a">Sullivan Missouri news</subfield></datafield><datafield ind1=" " ind2=" " tag="260"><subfield code="a">Sullivan, Mo. :</subfield><subfield code="b">Sullivan News Co.,</subfield><subfield code="c">1945-1951.</subfield></datafield><datafield ind1=" " ind2=" " tag="300"><subfield code="a">v.</subfield></datafield><datafield ind1=" " ind2=" " tag="310"><subfield code="a">Weekly</subfield></datafield><datafield ind1="0" ind2=" " tag="362"><subfield code="a">Vol. 50, no. 41 (Feb. 8, 1945)-v. 57, no. 32 (Nov. 29, 1951).</subfield></datafield><datafield ind1=" " ind2=" " tag="515"><subfield code="a">Includes numbering of Sullivan news, vol. 31, no. 35 (Feb. 8, 1945)-v. 37, no. 28 (Dec. 19, 1946).</subfield></datafield><datafield ind1=" " ind2=" " tag="752"><subfield code="a">United States</subfield><subfield code="b">Missouri</subfield><subfield code="c">Franklin</subfield><subfield code="d">Sullivan.</subfield></datafield><datafield ind1="0" ind2="0" tag="780"><subfield code="t">Sullivan news</subfield><subfield code="w">(DLC)sn 89066971</subfield></datafield><datafield ind1="0" ind2="7" tag="785"><subfield code="t">Tri-county democrat</subfield></datafield><datafield ind1="0" ind2="7" tag="785"><subfield code="t">Sullivan tri-county news (Sullivan, Mo. : 1951)</subfield><subfield code="w">(DLC)sn 89066968</subfield></datafield></record>